<collection xmlns="http://www.loc.gov/MARC21/slim">
<record>
  <leader>01217nam0a22002531i 450 </leader>
  <controlfield tag="001">IT\ICCU\CNCE\061491</controlfield>
  <controlfield tag="005">20171113000000.0</controlfield>
  <datafield tag="012" ind1=" " ind2=" ">
    <subfield code="a">tie, o,o, too, a.ia (C) 1600 (Q)</subfield>
    <subfield code="2">fei</subfield>
  </datafield>
  <datafield tag="100" ind1=" " ind2=" ">
    <subfield code="a">20050928f1600        0itac0103    ba</subfield>
  </datafield>
  <datafield tag="101" ind1=" " ind2=" ">
    <subfield code="a">ITA</subfield>
  </datafield>
  <datafield tag="102" ind1=" " ind2=" ">
    <subfield code="a">IT</subfield>
  </datafield>
  <datafield tag="200" ind1="1" ind2=" ">
    <subfield code="a">℗La ℗rappresentazione di s. Antonio Abate il quale conuert vna sua sorella a farsi monaca. E come non volendo tre ladroni accettare il suo consiglio s&apos;ammazzorno l&apos;vn l&apos;altro. Et come fu molto tentato, e bastonato da&apos;diauoli</subfield>
  </datafield>
  <datafield tag="210" ind1=" " ind2=" ">
    <subfield code="d">\circa 1600!</subfield>
    <subfield code="e">In Siena</subfield>
    <subfield code="g">alla Loggia del Papa</subfield>
  </datafield>
  <datafield tag="215" ind1=" " ind2=" ">
    <subfield code="a">\8! c.</subfield>
    <subfield code="c">ill.</subfield>
    <subfield code="d">4ʻ</subfield>
  </datafield>
  <datafield tag="300" ind1=" " ind2=" ">
    <subfield code="a">Per la data e l&apos;autore cfr.: A. Cioni, Bibliografia delle sacre rappresentazioni, p. 88</subfield>
  </datafield>
  <datafield tag="620" ind1=" " ind2=" ">
    <subfield code="a">IT</subfield>
    <subfield code="d">Siena</subfield>
  </datafield>
  <datafield tag="700" ind1=" " ind2="1">
    <subfield code="a">Pulci,</subfield>
    <subfield code="b">Antonia</subfield>
    <subfield code="3">IT\ICCU\CNCA\008949</subfield>
  </datafield>
  <datafield tag="712" ind1="0" ind2="2">
    <subfield code="a">℗alla ℗Loggia del papa</subfield>
    <subfield code="3">IT\ICCU\CNCT\001698</subfield>
    <subfield code="4">650</subfield>
  </datafield>
  <datafield tag="790" ind1=" " ind2="1">
    <subfield code="a">Tanini Pulci,</subfield>
    <subfield code="b">Antonia</subfield>
    <subfield code="3">IT\ICCU\CNCA\025781</subfield>
    <subfield code="z">Pulci, Antonia</subfield>
  </datafield>
  <datafield tag="790" ind1=" " ind2="1">
    <subfield code="a">Pulci,</subfield>
    <subfield code="b">Antonia Giannotti</subfield>
    <subfield code="3">IT\ICCU\CNCA\025782</subfield>
    <subfield code="z">Pulci, Antonia</subfield>
  </datafield>
  <datafield tag="801" ind1=" " ind2="3">
    <subfield code="a">IT</subfield>
    <subfield code="b">ICCU</subfield>
    <subfield code="c">20201115</subfield>
  </datafield>
  <datafield tag="899" ind1=" " ind2=" ">
    <subfield code="a">Biblioteca Riccardiana. Firenze</subfield>
    <subfield code="1">FI0094</subfield>
    <subfield code="2">CFI RF</subfield>
  </datafield>
  <datafield tag="899" ind1=" " ind2=" ">
    <subfield code="a">Biblioteca nazionale centrale. Firenze</subfield>
    <subfield code="1">FI0098</subfield>
    <subfield code="2">CFI CF</subfield>
  </datafield>
  <datafield tag="899" ind1=" " ind2=" ">
    <subfield code="a">Biblioteca nazionale Marciana. Venezia</subfield>
    <subfield code="1">VE0049</subfield>
    <subfield code="2">VEA BM</subfield>
  </datafield>
</record>
</collection>
